% Encoding: UTF-8

@book{FPUbook,
author = {Alexander Pankov},
year = {2005},
month = {01},
pages = {xvi+194},
title = {Travelling waves and periodic oscillations in {Fermi-Pasta-Ulam} lattices},
isbn = {1860945325},
doi = {10.1142/9781860947216}
}

@article{Ablowitz1975,
  doi = {10.1063/1.522558},
  url = {https://doi.org/10.1063/1.522558},
  year = {1975},
  month = mar,
  publisher = {{AIP} Publishing},
  volume = {16},
  number = {3},
  pages = {598--603},
  author = {M. J. Ablowitz and J. F. Ladik},
  title = {Nonlinear differential-difference equations},
  journal = {Journal of Mathematical Physics}
}

@article{Ablowitz1976,
author = {M. J. Ablowitz and J. F. Ladik},
title = {Nonlinear differential–difference equations and {Fourier} analysis},
journal = {Journal of Mathematical Physics},
volume = {17},
number = {6},
pages = {1011-1018},
year = {1976},
doi = {10.1063/1.523009},
}


@book{evansPDE,
  title={Partial Differential Equations},
  author={L. C. Evans},
  isbn={9780821849743},
  lccn={2009044716},
  series={Graduate studies in mathematics},
  url={https://books.google.com/books?id=Xnu0o\_EJrCQC},
  year={2010},
  publisher={American Mathematical Society}
}

@article{Bramburger2020,
doi = {10.1088/1361-6544/ab6f4c},
title = {Vortex pairs in the discrete nonlinear {Schr\"odinger} equation},
author  = {J. J. Bramburger and J. Cuevas-Maraver and P. G. Kevrekidis},
journal = {Nonlinearity},
year  = {2020},
month = {Mar},
day = {16},
volume  = {33},
issue = {5},
page  = {2159--2180},
}

@article{imamat,
    author = {P. G. Kevrekidis},
    title = "{Non-linear waves in lattices: past, present, future}",
    journal = {IMA Journal of Applied Mathematics},
    volume = {76},
    number = {3},
    pages = {389-423},
    year = {2011},
    month = {04},
    issn = {0272-4960},
    doi = {10.1093/imamat/hxr015}
}


@article{Bambusi2010,
author = {Dario Bambusi and Simone Paleari and Tiziano Penati},
title = {Existence and continuous approximation of small amplitude breathers in {1D} and {2D} {Klein–Gordon} lattices},
journal = {Applicable Analysis},
volume = {89},
number = {9},
pages = {1313-1334},
year  = {2010},
publisher = {Taylor & Francis},
doi = {10.1080/00036811003627518},
}

@article{Arioli2019,
author = {Gianni Arioli and Hans Koch},
year = {2019},
month = {12},
pages = {},
title = {Some Breathers and Multi-breathers for {FPU}-Type Chains},
volume = {372},
journal = {Communications in Mathematical Physics},
doi = {10.1007/s00220-019-03417-4}
}


@article{yoshimura2021,
  title = {Existence of Odd, Even, and Multi-Pulse Discrete Breathers in Infinite {{Fermi-Pasta-Ulam}} Lattices},
  author = {Kazuyuki Yoshimura and Yusuke Doi},
  year = {2021},
  month = oct,
  journal = {Journal of Differential Equations},
  volume = {298},
  pages = {560--608},
  issn = {00220396},
  doi = {10.1016/j.jde.2021.07.003},
}

@article{hennig2021,
  title = {Localised Time-Periodic Solutions of Discrete Nonlinear {{Klein}}-{{Gordon}} Systems with Convex on-Site Potentials},
  author = {Dirk Hennig},
  year = {2021},
  month = may,
  journal = {Journal of Fixed Point Theory and Applications},
  volume = {23},
  number = {2},
  pages = {31},
  issn = {1661-7738, 1661-7746},
  doi = {10.1007/s11784-021-00866-0},
}

@article{Bambusi2013,
doi = {10.1007/s00220-013-1817-8},
title = {Asymptotic Stability of Breathers in Some {H}amiltonian Networks of Weakly Coupled Oscillators},
author  = {Dario Bambusi},
journal = {Communications in Mathematical Physics},
year  = {2013},
month = {oct},
day = {11},
volume  = {324},
issue = {2},
page  = {515--547},
}

@article{Flach1998,
doi = {10.1016/s0370-1573(97)00068-9},
title = {Discrete breathers},
author  = {S. Flach and C. R. Willis},
journal = {Physics Reports},
year  = {1998},
month = {mar},
volume  = {295},
issue = {5},
page  = {181--264},
}

@article{Archilla2003,
doi = {10.1016/s0167-2789(03)00064-2},
title = {Demonstration of the stability or instability of multibreathers at low coupling},
author  = {J. F. R. Archilla and J. Cuevas and B. Sánchez-Rey and A. Alvarez},
journal = {Physica D: Nonlinear Phenomena},
year  = {2003},
month = {jun},
volume  = {180},
issue = {3-4},
page  = {235--255},
}

@article{Pelinovsky2005,
doi = {10.1016/j.physd.2005.07.021},
title = {Stability of discrete solitons in nonlinear {Schr\"odinger} lattices},
author  = {D. E. Pelinovsky and P. G. Kevrekidis and D. J. Frantzeskakis},
journal = {Physica D: Nonlinear Phenomena},
year  = {2005},
month = {dec},
volume  = {212},
issue = {1-2},
page  = {1--19}
}

@article{Koukouloyannis2009,
doi = {10.1088/0951-7715/22/9/011},
title = {On the stability of multibreathers in {Klein–Gordon} chains},
author  = {Vassilis Koukouloyannis and P. G. Kevrekidis},
journal = {Nonlinearity},
year  = {2009},
month = {aug},
day = {13},
volume  = {22},
issue = {9},
page  = {2269--2285},
}

@article{MacKay1994,
doi = {10.1088/0951-7715/7/6/006},
title = {Proof of existence of breathers for time-reversible or Hamiltonian networks of weakly coupled oscillators},
author  = {R. S. MacKay and S. Aubry},
journal = {Nonlinearity},
year  = {1994},
month = {nov},
day = {01},
volume  = {7},
issue = {6},
page  = {1623--1643},
}

@article{Aubry1997,
doi = {10.1016/s0167-2789(96)00261-8},
title = {Breathers in nonlinear lattices: Existence, linear stability and quantization},
author  = {Serge Aubry},
journal = {Physica D: Nonlinear Phenomena},
year  = {1997},
month = {apr},
volume  = {103},
issue = {1-4},
page  = {201--250},
}

@article{Flach2008,
doi = {10.1016/j.physrep.2008.05.002},
title = {Discrete breathers — Advances in theory and applications},
author  = {Sergej Flach and Andrey V. Gorbach},
journal = {Physics Reports},
year  = {2008},
month = {oct},
volume  = {467},
issue = {1-3},
page  = {1--116},
}

@incollection{Flach2008a,
author = {Sergej Flach and Andrey Gorbach},
year = {2008},
month = {12},
pages = {1-32},
title = {Discrete Breathers with Dissipation},
volume = {751},
isbn = {978-3-540-78216-2},
journal = {Lecture Notes in Physics},
doi = {10.1007/978-3-540-78217-9_11}
}

@article{Zabusuy1965,
  title = {Interaction of ``Solitons'' in a Collisionless Plasma and the Recurrence of Initial States},
  author = {N. J. Zabusky and M. D. Kruskal},
  journal = {Phys. Rev. Lett.},
  volume = {15},
  issue = {6},
  pages = {240--243},
  numpages = {0},
  year = {1965},
  month = {Aug},
  publisher = {American Physical Society},
  doi = {10.1103/PhysRevLett.15.240},
  url = {https://link.aps.org/doi/10.1103/PhysRevLett.15.240}
}


@article{FPUT,
title = {STUDIES OF THE NONLINEAR PROBLEMS},
author = {E. Fermi and P. Pasta and S. Ulam and M. Tsingou},
abstractNote = {},
doi = {10.2172/4376203},
url = {https://www.osti.gov/biblio/4376203}, 
journal = {},
number = ,
volume = ,
place = {United States},
year = {1955},
month = {5}
}

@article{Parker2021,
  author={R. Parker and P. G. Kevrekidis and A. Aceves},
  title={Stationary multi-kinks in the discrete sine-{G}ordon equation},
  year={2022},
  pages={1036--1060},
  journal={Nonlinearity},
  volume={35}
}

@article{Duncan1997,
  title = {Sympletic finite difference approximations of the {{nonlinear Klein}}-{{Gordon equation}}},
  author = {D. B. Duncan},
  year = {1997},
  month = oct,
  journal = {SIAM Journal on Numerical Analysis},
  volume = {34},
  number = {5},
  pages = {1742--1760},
  issn = {0036-1429, 1095-7170},
  doi = {10.1137/S0036142993243106},
  langid = {english}
  }

@incollection{Hairer2003,
  address = {Berlin, Heidelberg},
  title = {{GniCodes} — {Matlab} {programs} for {geometric} {numerical} {integration}},
  isbn = {9783540443193 9783642556920},
  url = {http://link.springer.com/10.1007/978-3-642-55692-0_5},
  language = {en},
  urldate = {2021-11-17},
  booktitle = {Frontiers in {numerical} {analysis}},
  publisher = {Springer Berlin Heidelberg},
  author = {Ernst Hairer and Martin Hairer},
  editor = {James F. Blowey and Alan W. Craig and Tony Shardlow},
  year = {2003},
  doi = {10.1007/978-3-642-55692-0_5},
  pages = {199--240},
}

@book{HairerBook,
  address = {Berlin/Heidelberg},
  author = {Ernst Hairer and Christian Lubich and Gerhard Wanner},
  series = {Springer {Series} in {Computational} {Mathematics}},
  title = {Geometric {numerical} {integration}},
  volume = {31},
  isbn = {9783540306634},
  url = {http://link.springer.com/10.1007/3-540-30666-8},
  language = {en},
  urldate = {2021-11-17},
  publisher = {Springer-Verlag},
  year = {2006},
  doi = {10.1007/3-540-30666-8},
}


@article{kevrekidis2016,
  title = {Energy Criterion for the Spectral Stability of Discrete Breathers},
  author = {Panayotis G. Kevrekidis and Jes{\'u}s {Cuevas-Maraver} and Dmitry E. Pelinovsky},
  year = {2016},
  month = aug,
  journal = {Physical Review Letters},
  volume = {117},
  number = {9},
  pages = {094101},
  issn = {0031-9007, 1079-7114},
  doi = {10.1103/PhysRevLett.117.094101},
  langid = {english},
}


@article{cuevas-maraver2016,
  title = {Nonlinear Instabilities of Multi-Site Breathers in {{Klein-Gordon}} Lattices},
  author = {Jes{\'u}s {Cuevas-Maraver} and Panayotis G. Kevrekidis and Dmitry E. Pelinovsky},
  year = {2016},
  month = aug,
  journal = {Studies in Applied Mathematics},
  volume = {137},
  number = {2},
  pages = {214--237},
  issn = {00222526},
  doi = {10.1111/sapm.12107},
  langid = {english},
}


@article{auto07p,
    author = {Eusebius J. Doedel and Thomas F. Fairgrieve and Bj\"orn Sandstede and Alan R. Champneys and Yuri A. Kuznetsov and Xianjun Wang},
    title = {{AUTO-07P}: Continuation and bifurcation software for ordinary differential equations},
    year = {2007}
}

@incollection{Palmer1988,
  doi = {10.1007/978-3-322-96656-8_5},
  url = {https://doi.org/10.1007/978-3-322-96656-8_5},
  year = {1988},
  publisher = {Teubner Verlag},
  pages = {265--306},
  author = {Kenneth J. Palmer},
  title = {Exponential Dichotomies, the Shadowing Lemma and Transversal Homoclinic Points},
  booktitle = {Dynamics Reported}
}

@article{SGchapter,
  author={M. Chirilus-Bruckner and C. Chong and J. Cuevas-Maraver and P. G. Kevrekidis},
  editor={Jes{\'u}s Cuevas-Maraver and Panayotis G. Kevrekidis and Floyd Williams},
  title={{sine-Gordon} Equation: From Discrete to Continuum},
  bookTitle={The {sine-Gordon} Model and its Applications: From Pendula and Josephson Junctions to Gravity and High-Energy Physics},
  year={2014},
  publisher={Springer International Publishing},
  pages={31--57}
}

@article{Pelinovsky_2008,
	doi = {10.1088/1751-8113/41/18/185206},
	url = {https://doi.org/10.1088/1751-8113/41/18/185206},
	year = 2008,
	month = {apr},
	publisher = {{IOP} Publishing},
	volume = {41},
	number = {18},
	pages = {185206},
	author = {D. E. Pelinovsky and P. G. Kevrekidis},
	title = {Stability of discrete dark solitons in nonlinear {Schr\"odinger} lattices},
	journal = {Journal of Physics A: Mathematical and Theoretical}
}

@article{PENATI201992,
title = {On the nonexistence of degenerate phase-shift multibreathers in {Klein–Gordon} models with interactions beyond nearest neighbors},
journal = {Physica D: Nonlinear Phenomena},
volume = {398},
pages = {92-114},
year = {2019},
issn = {0167-2789},
doi = {https://doi.org/10.1016/j.physd.2019.06.002},
url = {https://www.sciencedirect.com/science/article/pii/S0167278918301131},
author = {T. Penati and V. Koukouloyannis and M. Sansottera and P. G. Kevrekidis and S. Paleari},
}

@article{KOUKOULOYANNIS20132022,
title = {Non-existence of phase-shift breathers in one-dimensional {Klein–Gordon} lattices with nearest-neighbor interactions},
journal = {Physics Letters A},
volume = {377},
number = {34},
pages = {2022-2026},
year = {2013},
issn = {0375-9601},
doi = {https://doi.org/10.1016/j.physleta.2013.05.056},
url = {https://www.sciencedirect.com/science/article/pii/S0375960113005446},
author = {Vassilis Koukouloyannis},
}

@article{KALOSAKAS200644,
title = {Multi-peaked localized states of {DNLS} in one and two dimensions},
journal = {Physica D: Nonlinear Phenomena},
volume = {216},
number = {1},
pages = {44-61},
year = {2006},
note = {Nonlinear Physics: Condensed Matter, Dynamical Systems and Biophysics},
issn = {0167-2789},
doi = {https://doi.org/10.1016/j.physd.2005.12.023},
url = {https://www.sciencedirect.com/science/article/pii/S0167278906000650},
author = {G. Kalosakas},
keywords = {DNLS, Stationary states, Multi-breathers, Discrete spectrum},
}


@article{doi:10.1137/0150029,
author = {C. Elphick and E. Meron and E. A. Spiegel},
title = {Patterns of Propagating Pulses},
journal = {SIAM Journal on Applied Mathematics},
volume = {50},
number = {2},
pages = {490-503},
year = {1990},
doi = {10.1137/0150029},
}



@article{PhysRevLett.114.214101,
  title = {When Linear Stability Does Not Exclude Nonlinear Instability},
  author = {P. G. Kevrekidis and D. E. Pelinovsky and A. Saxena},
  journal = {Phys. Rev. Lett.},
  volume = {114},
  issue = {21},
  pages = {214101},
  numpages = {6},
  year = {2015},
  month = {May},
  publisher = {American Physical Society},
  doi = {10.1103/PhysRevLett.114.214101},
  url = {https://link.aps.org/doi/10.1103/PhysRevLett.114.214101}
}


@article{sepulchre,
  title = {Dynamics of Relative Phases: Generalised Multibreathers},
  author = {T. Ahn and R. S. MacKay and J. A. Sepulchre},
  journal = {Nonlinear Dynamics},
  volume = {25},
  pages = {157--182},
  year = {2001},
  publisher = {Springer-Verlag},
  doi = {10.1023/A:1012958817589},
}


@article{kivsharmalomed,
  title = {Dynamics of solitons in nearly integrable systems},
  author = {Yuri S. Kivshar and Boris A. Malomed},
  journal = {Rev. Mod. Phys.},
  volume = {61},
  issue = {4},
  pages = {763--915},
  numpages = {0},
  year = {1989},
  month = {Oct},
  publisher = {American Physical Society},
  doi = {10.1103/RevModPhys.61.763},
}

@book{eilbeck,
   title =     {Solitons and Nonlinear Wave Equations},
   author =    {R. K. Dodd and J. C. Eilbeck and J. D. Gibbon and H. C. Morris},
   publisher = {Academic Press},
   year =      {1982},
   edition =   {1st}
}

@book{dauxois,
   title =     {Physics of Solitons},
   author =    {T. Dauxois and M. Peyrard},
   publisher = {Cambridge University Press},
   year =      {2006},
   edition =   {1st}
}


@book{p4book,
   title =     {A dynamical perspective on the $\phi^4$ model},
   author =    {J. Cuevas-Maraver and  P. G. Kevrekidis (eds.)},
   publisher = {Springer International Publishing},
   isbn =      {978-3030118389},
   year =      {2019},
   series =    {Nonlinear Systems and Complexity},
   edition =   {1st}
}

@book{SGbook,
   title =     {The {sine-Gordon} Model and its Applications: From Pendula and {Josephson} Junctions to Gravity and High-Energy Physics},
   author =    {J. Cuevas-Maraver and P. G. Kevrekidis and F. L. Williams (eds.)},
   publisher = {Springer International Publishing},
   isbn =      {978-3-319-06721-6,978-3-319-06722-3},
   year =      {2014},
   series =    {Nonlinear Systems and Complexity 10},
   edition =   {1st}
}

@book{SolitonBook1,
   title =     {Solitons and the Inverse Scattering Transform},
   author =    {Mark J. Ablowitz and Harvey Segur},
   publisher = {Society for Industrial  Mathematics},
   isbn =      {9780898714777,089871477X},
   year =      {2000},
   series =    {SIAM Studies in Applied Mathematics, No. 4},
   edition =   {1st}
}

@article{LEDERER20081,
title = {Discrete solitons in optics},
journal = {Physics Reports},
volume = {463},
number = {1},
pages = {1-126},
year = {2008},
issn = {0370-1573},
doi = {https://doi.org/10.1016/j.physrep.2008.04.004},
url = {https://www.sciencedirect.com/science/article/pii/S0370157308001257},
author = {Falk Lederer and George I. Stegeman and Demetri N. Christodoulides and Gaetano Assanto and Moti Segev and Yaron Silberberg},
}

@article{PEYRARD198488,
title = {Kink dynamics in the highly discrete {sine-Gordon} system},
journal = {Physica D: Nonlinear Phenomena},
volume = {14},
number = {1},
pages = {88-102},
year = {1984},
issn = {0167-2789},
doi = {https://doi.org/10.1016/0167-2789(84)90006-X},
author = {Michel Peyrard and Martin D. Kruskal},
}

@article{Karachalios,
    author = {Nikos Karachalios},
    year = {2005},
    month = {08},
    pages = {},
    title = {Global existence in infinite lattices of nonlinear oscillators: The Discrete {Klein-Gordon} equation},
    volume = {48},
    journal = {Glasgow Mathematical Journal},
    doi = {10.1017/S001708950600317X}
}

@article{braun1998,
  title = {Nonlinear Dynamics of the {{Frenkel}}-{{Kontorova}} Model},
  author = {Oleg M. Braun and Yuri S. Kivshar},
  year = {1998},
  month = dec,
  volume = {306},
  pages = {1--108},
  issn = {03701573},
  doi = {10.1016/S0370-1573(98)00029-5},
  journal = {Physics Reports},
  language = {en},
  number = {1-2}
}

@article{Scott1969,
author = {A. C. Scott},
title = {A Nonlinear {Klein-Gordon} Equation},
journal = {American Journal of Physics},
volume = {37},
number = {1},
pages = {52-61},
year = {1969},
doi = {10.1119/1.1975404},
}

@article{Ustinov1992,
  title = {Dynamics of {sine-Gordon} solitons in the annular {Josephson junction}},
  author = {A. V. Ustinov and T. Doderer and R. P. Huebener and N. F. Pedersen and B. Mayer and V. A. Oboznov},
  journal = {Phys. Rev. Lett.},
  volume = {69},
  issue = {12},
  pages = {1815--1818},
  numpages = {0},
  year = {1992},
  month = {Sep},
  publisher = {American Physical Society},
  doi = {10.1103/PhysRevLett.69.1815},
  url = {https://link.aps.org/doi/10.1103/PhysRevLett.69.1815}
}

@article{Floria1998,
title = {Josephson-junction ladder: A benchmark for nonlinear concepts},
journal = {Physica D: Nonlinear Phenomena},
volume = {113},
number = {2},
pages = {387-396},
year = {1998},
issn = {0167-2789},
doi = {https://doi.org/10.1016/S0167-2789(97)00294-7},
url = {https://www.sciencedirect.com/science/article/pii/S0167278997002947},
author = {L. M. Floría and J. L. Marín and S. Aubry and P. J. Martínez and F. Falo and J. J. Mazo},
}

@article{Yomosa1983,
  title = {Soliton excitations in deoxyribonucleic acid ({DNA}) double helices},
  author = {S. Yomosa},
  journal = {Phys. Rev. A},
  volume = {27},
  issue = {4},
  pages = {2120--2125},
  numpages = {0},
  year = {1983},
  month = {Apr},
  publisher = {American Physical Society},
  doi = {10.1103/PhysRevA.27.2120},
}

@book{Yakushevich1998,
	address = {Chichester, New York},
	series = {Wiley series in nonlinear science},
	title = {Nonlinear physics of {DNA}},
	isbn = {9780471978244},
	publisher = {John Wiley Sons},
	author = {L. V. Yahushevich},
	year = {1998},
}

@article{DeLeo2011,
  place = {IT},
  title = {Some numerical results on motion of kinks in some model of {DNA} torsional dynamics},
  volume = {0},
  ISSN = {20380909},
  DOI = {10.1685/journal.caim.366},
  number = {0},
  journal = {Communications in Applied and Industrial Mathematics},
  author = {Roberto De Leo and Sergio Demelio},
  year = {2011},
  month = Aug
}

@article{PGK2003,
doi	= {10.1016/s0378-4754(02)00185-4},
title	= {Breathers on a background: periodic and quasiperiodic solutions of extended discrete nonlinear wave systems},
author	= {P. G. Kevrekidis and M. I. Weinstein},
publisher	= {Elsevier Science},
journal	= {Mathematics and Computers in Simulation},
issnp	= {0378-4754},
year	= {2003},
volume	= {62},
issue	= {1-2},
page	= {65--78},
}


@article{doi:10.1142/S0218127411029690,
author = {J. Cuevas and V. Koukouloyannis and P. G. Kevrekidis and J. F. R. Archilla},
title = {Multibreather and vortex breather stability in Klein-Gordon lattices: equivalence between two different approaches},
journal = {International Journal of Bifurcation and Chaos},
volume = {21},
number = {08},
pages = {2161-2177},
year = {2011},
doi = {10.1142/S0218127411029690}
}

@article{Aigner2003,
doi	= {10.1016/s0167-2789(03)00261-6},
title	= {A new barrier to the existence of moving kinks in {Frenkel–Kontorova} lattices},
author	= {A. A. Aigner and A.R. Champneys and V. M. Rothos},
publisher	= {Elsevier Science},
journal	= {Physica D: Nonlinear Phenomena},
issnp	= {0167-2789},
year	= {2003},
volume	= {186},
issue	= {3-4},
page	= {148--170},
}

@article{Iooss2006,
doi	= {10.1016/j.physd.2006.03.012},
title	= {Normal form for travelling kinks in discrete {Klein–Gordon} lattices},
author	= {Gerard Iooss and Dmitry E. Pelinovsky},
publisher	= {Elsevier Science},
journal	= {Physica D: Nonlinear Phenomena},
issnp	= {0167-2789},
year	= {2006},
volume	= {216},
issue	= {2},
page	= {327--345}
}

@article{Cisneros2008,
doi	= {10.1016/j.physd.2007.08.005},
title	= {Asymptotics for kink propagation in the discrete {sine-Gordon} equation},
author	= {L. A. Cisneros and  A. A. Minzoni},
publisher	= {Elsevier Science},
journal	= {Physica D: Nonlinear Phenomena},
issnp	= {0167-2789},
year	= {2008},
volume	= {237},
issue	= {1},
page	= {50--65},
}

@techreport{Ivancevic2013,
  doi = {10.7546/jgsp-31-2013-1-56},
  year = {2013},
  publisher = {Journal of Geometry and Symmetry in Physics},
  author = {Vladimir Ivancevic and Tijana Ivancevic},
  title = { {Sine--Gordon} Solitons,  Kinks and Breathers as Physical Models of Nonlinear Excitations in Living Cellular Structures}
}

@article{FLACH20081,
title = {Discrete breathers — Advances in theory and applications},
journal = {Physics Reports},
volume = {467},
number = {1},
pages = {1-116},
year = {2008},
issn = {0370-1573},
doi = {https://doi.org/10.1016/j.physrep.2008.05.002},
url = {https://www.sciencedirect.com/science/article/pii/S0370157308001580},
author = {Sergej Flach and Andrey V. Gorbach},
keywords = {Anharmonic lattice dynamics, Discrete breathers, Localization},
}

@article{segur,
  title = {Nonexistence of small-amplitude breather solutions in ${\mathrm{phi}}^{4}$ theory},
  author = {Harvey Segur and Martin D. Kruskal},
  journal = {Phys. Rev. Lett.},
  volume = {58},
  issue = {8},
  pages = {747--750},
  numpages = {0},
  year = {1987},
  month = {Feb},
  publisher = {American Physical Society},
  doi = {10.1103/PhysRevLett.58.747},
  url = {https://link.aps.org/doi/10.1103/PhysRevLett.58.747}
}


@article{tsironis,
  title = {Breather Mobility in Discrete ${\ensuremath{\varphi}}^{4}$ Nonlinear Lattices},
  author = {Ding Chen and S. Aubry and G. P. Tsironis},
  journal = {Phys. Rev. Lett.},
  volume = {77},
  issue = {23},
  pages = {4776--4779},
  numpages = {0},
  year = {1996},
  month = {Dec},
  publisher = {American Physical Society},
  doi = {10.1103/PhysRevLett.77.4776},
  url = {https://link.aps.org/doi/10.1103/PhysRevLett.77.4776}
}


@article{english,
  title = {Discrete Breathers in a Forced-Damped Array of Coupled Pendula: Modeling, Computation, and Experiment},
  author = {J. Cuevas and L. Q. English and P. G. Kevrekidis and M. Anderson},
  journal = {Phys. Rev. Lett.},
  volume = {102},
  issue = {22},
  pages = {224101},
  numpages = {4},
  year = {2009},
  month = {Jun},
  publisher = {American Physical Society},
  doi = {10.1103/PhysRevLett.102.224101},
  url = {https://link.aps.org/doi/10.1103/PhysRevLett.102.224101}
}


@book{braun2004,
	address = {Berlin, Heidelberg},
	title = {The {Frenkel}-{Kontorova} {Model}},
	urldate = {2021-04-03},
	publisher = {Springer Berlin Heidelberg},
	author = {Oleg M. Braun and Yuri S. Kivshar},
	year = {2004},
	doi = {10.1007/978-3-662-10331-9},
}

@article{heeger1988,
	title = {Solitons in conducting polymers},
	volume = {60},
	issn = {0034-6861},
	doi = {10.1103/RevModPhys.60.781},
	language = {en},
	number = {3},
	urldate = {2021-04-03},
	journal = {Reviews of Modern Physics},
	author = {A. J. Heeger and S. Kivelson and J. R. Schrieffer and W. -P. Su},
	month = jul,
	year = {1988},
	pages = {781--850},
}

@article{MANTON1979397,
title = {An effective Lagrangian for solitons},
journal = {Nuclear Physics B},
volume = {150},
pages = {397-412},
year = {1979},
issn = {0550-3213},
doi = {https://doi.org/10.1016/0550-3213(79)90309-2},
url = {https://www.sciencedirect.com/science/article/pii/0550321379903092},
author = {N. S. Manton},
}

@article{Balmforth2000,
  title = {Being Stable and Discrete},
  author = {N. J. Balmforth and R. V. Craster and P. G. Kevrekidis},
  year = {2000},
  month = jan,
  volume = {135},
  pages = {212--232},
  issn = {01672789},
  doi = {10.1016/S0167-2789(99)00137-2},
  journal = {Physica D: Nonlinear Phenomena},
  language = {en},
  number = {3-4}
}

@article{Bountis2000,
  doi = {10.1016/s0375-9601(00)00100-6},
  url = {https://doi.org/10.1016/s0375-9601(00)00100-6},
  year = {2000},
  month = apr,
  publisher = {Elsevier {BV}},
  volume = {268},
  number = {1-2},
  pages = {50--60},
  author = {T. Bountis and H. W. Capel and M. Kollmann and J. C. Ross and J. M. Bergamin and J. P. van der Weele},
  title = {Multibreathers and homoclinic orbits in 1-dimensional nonlinear lattices},
  journal = {Physics Letters A}
}

@article{KevrekidisWeinstein2000,
  title = {Dynamics of lattice kinks},
  volume = {142},
  issn = {01672789},
  url = {https://linkinghub.elsevier.com/retrieve/pii/S0167278900000476},
  language = {en},
  number = {1-2},
  urldate = {2020-05-13},
  journal = {Physica D: Nonlinear Phenomena},
  author = {P. G. Kevrekidis and M. I. Weinstein},
  month = Aug,
  year = {2000},
  pages = {113--152},
}


@article{Parker2020,
  title = {Existence and spectral stability of multi-pulses in discrete {Hamiltonian} lattice systems},
  volume = {408},
  issn = {01672789},
  language = {en},
  urldate = {2020-05-13},
  journal = {Physica D: Nonlinear Phenomena},
  author = {Ross Parker and P. G. Kevrekidis and Bj\"orn Sandstede},
  month = jul,
  year = {2020},
  pages = {132414},
}

@article{Pelinovsky2012,
  doi = {10.1088/0951-7715/25/12/3423},
  url = {https://doi.org/10.1088/0951-7715/25/12/3423},
  year = {2012},
  month = nov,
  publisher = {{IOP} Publishing},
  volume = {25},
  number = {12},
  pages = {3423--3451},
  author = {Dmitry Pelinovsky and Anton Sakovich},
  title = {Multi-site breathers in {Klein-Gordon} lattices: stability, resonances and bifurcations},
  journal = {Nonlinearity}
}

@article{Lin2008,
  doi = {10.4249/scholarpedia.6972},
  url = {https://doi.org/10.4249/scholarpedia.6972},
  year = {2008},
  publisher = {Scholarpedia},
  volume = {3},
  number = {9},
  pages = {6972},
  author = {Xiao-Biao Lin},
  title = {Lin{'}s method},
  journal = {Scholarpedia}
}

@article{Jason2019,
  title = {Spatially localized structures in lattice dynamical systems},
  author = {J. J. Bramburger and B. Sandstede},
  journal = {J. Nonlinear Sci.},
  volume = {In press},
  year = {2019}
}

@article{Alfimov,
title = "On classification of intrinsic localized modes for the discrete nonlinear {Schr\"{o}dinger} equation",
journal = "Physica D: Nonlinear Phenomena",
volume = "194",
number = "1",
pages = "127 - 150",
year = "2004",
issn = "0167-2789",
doi = "https://doi.org/10.1016/j.physd.2004.02.001",
url = "http://www.sciencedirect.com/science/article/pii/S0167278904000910",
author = "G. L. Alfimov and V. A. Brazhnyi and V. V. Konotop",
keywords = "Discrete nonlinear Schrödinger equation, Intrinsic localized modes, Discrete breather, Bifurcations"
}

@book{pgksg, 
  place={Heidelberg}, 
  series={Nonlinear Systems and Complexity}, 
  title={The {sine-Gordon} Model and its Applications},  
  publisher={Springer-Verlag}, 
  author={J. Cuevas-Maraver and P. G. Kevrekidis and F. Williams}, 
  year={2014}
}


@article{add1,
  title = {Static multikink solutions in a discrete {Frenkel-Kontorova} model with anharmonic interactions},
  author = {Ivan Markov},
  journal = {Phys. Rev. B},
  volume = {48},
  issue = {18},
  pages = {14016--14019},
  numpages = {0},
  year = {1993},
  month = {Nov},
  publisher = {American Physical Society},
  doi = {10.1103/PhysRevB.48.14016},
  url = {https://link.aps.org/doi/10.1103/PhysRevB.48.14016}
}

@article{kevold,
  title = {Multipulses in discrete {Hamiltonian} nonlinear systems},
  author = {P. G. Kevrekidis},
  journal = {Phys. Rev. E},
  volume = {64},
  issue = {2},
  pages = {026611},
  numpages = {5},
  year = {2001},
  month = {Jul},
  publisher = {American Physical Society},
  doi = {10.1103/PhysRevE.64.026611},
  url = {https://link.aps.org/doi/10.1103/PhysRevE.64.026611}
}

@Article{beyn2,
 author    = {W. -J. Beyn and S. Selle and V. Th{\"u}mmler},
  title     = {Freezing Multipulses and Multifronts},
  journal   = {SIAM J. Appl. Dyn. Sys.},
  year      = {2008},
  volume    = {7},
  number    = {02},
  pages     = {577--608},
  doi       = {10.1137/07070749X},
  publisher = {Society for Industrial and Applied Mathematics}
}

@Article{Sandstede1998,
  author    = {Bj{\"o}rn Sandstede},
  title     = {Stability of multiple-pulse solutions},
  journal   = {Transactions of the American Mathematical Society},
  year      = {1998},
  volume    = {350},
  number    = {02},
  pages     = {429--473},
  month     = {feb},
  doi       = {10.1090/s0002-9947-98-01673-0},
  publisher = {American Mathematical Society ({AMS})},
}

@Article{SandstedeStrut,
  author    = {B. Sandstede},
  title     = {Instability of localized buckling modes in a one-dimensional strut model},
  journal   = {Philosophical Transactions of the Royal Society A: Mathematical, Physical and Engineering Sciences},
  year      = {1997},
  volume    = {355},
  number    = {1732},
  pages     = {2083--2097},
  month     = {nov},
  doi       = {10.1098/rsta.1997.0111},
  publisher = {The Royal Society},
}

@article{ParkerPeriodic,
    title={Periodic multi-pulses and spectral stability in {H}amiltonian {PDEs} with symmetry},
    author={Ross Parker and Bj{\"o}rn Sandstede},
    year={2022},
    volume={334},
    pages = {368--450},
    journal = {Journal of Differential Equations},
    pages = {83},
    doi={10.1016/j.jde.2022.06.019}
}

@Book{Kapitula2013,
  title     = {Spectral and Dynamical Stability of Nonlinear Waves},
  publisher = {Springer New York},
  year      = {2013},
  author    = {Todd Kapitula and Keith Promislow},
  date      = {2013-06-06},
  ean       = {9781461469957},,
}

@Article{Sandstede1997,
  author    = {B. Sandstede},
  title     = {Convergence estimates for the numerical approximation of homoclinic solutions},
  journal   = {{IMA} Journal of Numerical Analysis},
  year      = {1997},
  volume    = {17},
  number    = {3},
  pages     = {437--462},
  month     = {jul},
  doi       = {10.1093/imanum/17.3.437},
  publisher = {Oxford University Press ({OUP})},
}

@article{Cuevas2011,
author = {J. Cuevas and V. Koukouloyannis and P. G. Kevrekidis and J. F. R. Archilla},
title = {Multibreather and vortex breather stability in {Klein-Gordon} lattices: equivalence between two different approaches},
journal = {International Journal of Bifurcation and Chaos},
volume = {21},
number = {08},
pages = {2161-2177},
year = {2011},
}

@Book{Kevrekidis2009,
  title     = {The Discrete Nonlinear {Schr\"{o}dinger} Equation},
  publisher = {Springer Berlin Heidelberg},
  year      = {2009},
  author    = {Panayotis G. Kevrekidis},
  doi       = {10.1007/978-3-540-89199-4},
}

@article{Parker2021,
title = {Multi-pulse solitary waves in a fourth-order nonlinear {Schr\"odinger} equation},
journal = {Physica D: Nonlinear Phenomena},
volume = {422},
pages = {132890},
year = {2021},
issn = {0167-2789},
doi = {https://doi.org/10.1016/j.physd.2021.132890},
url = {https://www.sciencedirect.com/science/article/pii/S0167278921000488},
author = {Ross Parker and Alejandro Aceves},
}

@Article{Kapitula2001,
  author    = {Todd Kapitula and Panayotis Kevrekidis},
  title     = {Stability of waves in discrete systems},
  journal   = {Nonlinearity},
  year      = {2001},
  volume    = {14},
  number    = {3},
  pages     = {533--566},
  month     = {apr},
  doi       = {10.1088/0951-7715/14/3/306},
  publisher = {{IOP} Publishing},
}

@Book{Jirari1995,
  title     = {Second-Order {Sturm-Liouville} Difference Equations And Orthogonal Polynomials},
  publisher = {American Mathematical Society},
  year      = {1995},
  author    = {Alouf Jirari},
  isbn      = {082180359X},
  date      = {1995-02-28},
  ean       = {9780821803592},
  url       = {https://www.ebook.de/de/product/35018656/second_order_sturm_liouville_difference_equations_and_orthogonal_polynomials.html},
}

@article{cretegny,
  title = {Internal Modes of Solitary Waves},
  author = {Yuri S. Kivshar and Dmitry E. Pelinovsky and Thierry Cretegny and Michel Peyrard},
  journal = {Phys. Rev. Lett.},
  volume = {80},
  issue = {23},
  pages = {5032--5035},
  numpages = {0},
  year = {1998},
  month = {Jun},
  publisher = {American Physical Society},
  doi = {10.1103/PhysRevLett.80.5032},
  url = {https://link.aps.org/doi/10.1103/PhysRevLett.80.5032}
}


@Article{Kapitula2001a,
  author    = {T. Kapitula and P. G. Kevrekidis and B. A. Malomed},
  title     = {Stability of multiple pulses in discrete systems},
  journal   = {Physical Review E},
  year      = {2001},
  volume    = {63},
  number    = {3},
  month     = {feb},
  doi       = {10.1103/physreve.63.036604},
  publisher = {American Physical Society ({APS})},
}

@Article{peyrard,
  author    = {M. Peyrard and M. D. Kruskal},
  title     = {Kink dynamics in the highly discrete {sine-Gordon} system},
  journal   = {Physica D},
  year      = {1984},
  volume    = {14},
  number    = {1},
  pages     = {88--102},
  doi       = {10.1016/0167-2789(84)90006-X},
  publisher = {Elsevier},
}

@article{kevrekidis2003,
  title = {On a Class of Discretizations of {{Hamiltonian}} Nonlinear Partial Differential Equations},
  author = {P. G. Kevrekidis},
  year = {2003},
  month = sep,
  volume = {183},
  pages = {68--86},
  issn = {01672789},
  doi = {10.1016/S0167-2789(03)00153-2},
  journal = {Physica D: Nonlinear Phenomena},
  language = {en},
  number = {1-2}
}

@article{Takeno1986,
title	= {A Sine-Lattice (Sine-Form Discrete {Sine-Gordon}) Equation–One-and Two-Kink Solutions and Physical Models–},
author	= {Shozo Takeno and Shigeo Homma},
publisher	= {Institute of Pure and Applied Physics},
journal	= {Journal of the Physical Society of Japan},
issnp	= {0031-9015},
issne	= {1347-4073},
year	= {1986},
month	= {01},
day	= {15},
volume	= {55},
issue	= {1},
page	= {65--75},
}

@Article{Knobloch2000,
  author    = {J. Knobloch},
  title     = {Lin{'}s method for discrete dynamical systems},
  journal   = {Journal of Difference Equations and Applications},
  year      = {2000},
  volume    = {6},
  number    = {5},
  pages     = {577--623},
  month     = {jan},
  doi       = {10.1080/10236190008808247},
  publisher = {Informa {UK} Limited},
}

@Article{Lin1990,
  author    = {Xiao-Biao Lin},
  title     = {Using {M}elnikov{'}s method to solve {S}ilnikov{'}s problems},
  journal   = {Proceedings of the Royal Society of Edinburgh: Section A Mathematics},
  year      = {1990},
  volume    = {116},
  number    = {3-4},
  pages     = {295--325},
  doi       = {10.1017/s0308210500031528},
  publisher = {Cambridge University Press ({CUP})},
}
